<record><leader>00000cas a22000007a 4500</leader><controlfield tag="001">2265357</controlfield><controlfield tag="008">760620c19679999paudr ne      0   a0eng d</controlfield><datafield ind1=" " ind2=" " tag="010"><subfield code="a">sn 86002954 </subfield></datafield><datafield ind1=" " ind2=" " tag="040"><subfield code="a">PIT</subfield><subfield code="b">eng</subfield><subfield code="c">PIT</subfield><subfield code="d">NSD</subfield><subfield code="d">NPH</subfield><subfield code="d">CUS</subfield><subfield code="d">OCLCQ</subfield><subfield code="d">OCLCF</subfield><subfield code="d">OCLCO</subfield><subfield code="d">DLC</subfield></datafield><datafield ind1=" " ind2=" " tag="012"><subfield code="m">1</subfield></datafield><datafield ind1="1" ind2=" " tag="022"><subfield code="a">0891-0693</subfield><subfield code="l">0891-0693</subfield><subfield code="2">1</subfield></datafield><datafield ind1=" " ind2=" " tag="032"><subfield code="a">401960</subfield><subfield code="b">USPS</subfield></datafield><datafield ind1=" " ind2=" " tag="037"><subfield code="b">Observer Publishing Co., 122-126 S. Main St., Washington, PA 15301</subfield></datafield><datafield ind1=" " ind2=" " tag="042"><subfield code="a">nsdp</subfield></datafield><datafield ind1=" " ind2="0" tag="222"><subfield code="a">Observer-reporter</subfield></datafield><datafield ind1="0" ind2="0" tag="245"><subfield code="a">Observer-reporter.</subfield></datafield><datafield ind1="0" ind2="0" tag="246"><subfield code="a">Observer reporter</subfield></datafield><datafield ind1="0" ind2="0" tag="246"><subfield code="a">Sunday observer-reporter</subfield></datafield><datafield ind1="0" ind2="0" tag="246"><subfield code="a">Observer-reporter continuing the Democrat messenger for Greene County</subfield></datafield><datafield ind1=" " ind2=" " tag="260"><subfield code="a">Washington, Pa. :</subfield><subfield code="b">Observer Pub. Co.,</subfield><subfield code="c">1967-</subfield></datafield><datafield ind1=" " ind2=" " tag="310"><subfield code="a">Daily,</subfield><subfield code="b">&lt;1987&gt;</subfield></datafield><datafield ind1=" " ind2=" " tag="321"><subfield code="a">Daily (except Sun.),</subfield><subfield code="b">1967-&lt;1981&gt;</subfield></datafield><datafield ind1="0" ind2=" " tag="362"><subfield code="a">159th yr., v. [i.e. no.] 671 (May 1, 1967)-</subfield></datafield><datafield ind1=" " ind2=" " tag="500"><subfield code="a">"Serving Washington and Greene counties."</subfield></datafield><datafield ind1=" " ind2=" " tag="500"><subfield code="a">Sunday issue called: Sunday observer-reporter, &lt;Aug. 2, 1987&gt;.</subfield></datafield><datafield ind1=" " ind2=" " tag="500"><subfield code="a">The words "continuing the Democrat messenger for Greene County" appear below masthead, Mar. 31, 1986-&lt;Oct. 31, 1986&gt;.</subfield></datafield><datafield ind1=" " ind2=" " tag="515"><subfield code="a">Issues for &lt;Aug. 4, 1981&gt; called &lt;no. 81182&gt;.</subfield></datafield><datafield ind1=" " ind2="0" tag="651"><subfield code="a">Greene County (Pa.)</subfield><subfield code="v">Newspapers.</subfield></datafield><datafield ind1=" " ind2="7" tag="651"><subfield code="a">Pennsylvania</subfield><subfield code="z">Greene County.</subfield><subfield code="2">fast</subfield><subfield code="0">(OCoLC)fst01214939</subfield></datafield><datafield ind1=" " ind2="7" tag="655"><subfield code="a">Newspapers.</subfield><subfield code="2">fast</subfield><subfield code="0">(OCoLC)fst01423814</subfield></datafield><datafield ind1=" " ind2=" " tag="752"><subfield code="a">United States</subfield><subfield code="b">Pennsylvania</subfield><subfield code="c">Washington</subfield><subfield code="d">Washington.</subfield></datafield><datafield ind1=" " ind2=" " tag="752"><subfield code="a">United States</subfield><subfield code="b">Pennsylvania</subfield><subfield code="c">Greene.</subfield></datafield><datafield ind1=" " ind2=" " tag="752"><subfield code="a">United States</subfield><subfield code="b">Pennsylvania</subfield><subfield code="c">Washington</subfield><subfield code="d">Monongahela.</subfield></datafield><datafield ind1="0" ind2=" " tag="775"><subfield code="t">Observer-reporter (Washington, Washington County, Pa. : Greene-Southern Washington ed.)</subfield><subfield code="w">(DLC)sn 87078562</subfield></datafield><datafield ind1="0" ind2=" " tag="775"><subfield code="t">Observer-reporter (Washington, Washington County, Pa. : Greene County ed.)</subfield><subfield code="w">(DLC)sn 87078561</subfield></datafield><datafield ind1="0" ind2=" " tag="775"><subfield code="t">Observer-reporter (Washington, Washington County, Pa. : Mon Valley ed.)</subfield><subfield code="w">(DLC)sn 89077800</subfield></datafield><datafield ind1="0" ind2="4" tag="780"><subfield code="t">Washington reporter (Washington, Washington County, Pa. : Daily)</subfield><subfield code="w">(DLC)sn 84026656</subfield></datafield><datafield ind1="0" ind2="4" tag="780"><subfield code="t">Washington observer (Washington, Washington County, Pa. : Daily)</subfield><subfield code="w">(DLC)sn 85038453</subfield></datafield><datafield ind1="0" ind2="5" tag="780"><subfield code="t">Democrat-messenger</subfield><subfield code="w">(DLC)sn 86081580</subfield></datafield><datafield ind1="1" ind2=" " tag="029"><subfield code="a">AU@</subfield><subfield code="b">000025816911</subfield></datafield></record>